%% This BibTeX bibliography file was created using BibDesk.
%% https://bibdesk.sourceforge.io/

%% Created for Kevin Gao at 2021-12-26 02:48:11 -0600 


%% Saved with string encoding Unicode (UTF-8) 



@book{algodesign,
	author = {Jon Kleinberg and {\'E}va Tardos},
	edition = {1st},
	publisher = {Pearson},
	title = {Algorithm Design},
	year = {2005},
    isbn = {978-0321295354}
}

@misc{240,
	author = {Faith Ellen},
	note = {University of Toronto},
	title = {CSC240 Enriched Introduction to Theory of Computation Winter 2021},
	year = {2021}}

@misc{265,
	author = {Faith Ellen},
	note = {University of Toronto},
	title = {CSC265 Enriched Data Structures and Analysis Fall 2021},
	year = {2021}}

@misc{463-cook,
	author = {Stephen A. Cook},
	note = {University of Toronto},
	title = {CSC463 Computational Complexity and Computability Winter 2018},
	year = {2018}}

@misc{463,
	author = {Shubhangi Saraf},
	note = {University of Toronto},
	title = {CSC463 Computational Complexity and Computability Winter 2022},
	year = {2022}}

@misc{373-2011,
	author = {Allan Borodin},
	note = {University of Toronto},
	title = {CSC373 Spring 2011},
	year = {2011}}

@misc{364-2004,
	author = {Allan Borodin},
	note = {University of Toronto},
	title = {CSC364},
	year = {2004}}

@book{clrs,
	author = {Cormen, Thomas H. and Leiserson, Charles E. and Rivest, Ronald L. and Stein, Clifford},
	edition = {3rd},
	isbn = {0262033844},
	publisher = {The MIT Press},
	title = {Introduction to Algorithms, Third Edition},
	year = {2009}}

@book{sipser13,
  added-at = {2014-03-03T20:31:26.000+0100},
  address = {Boston, MA},
  author = {Sipser, Michael},
  edition = {Third},
  isbn = {113318779X},
  keywords = {automata complexity computation hamiltonian np-hardness sipser textbook},
  publisher = {Course Technology},
  title = {Introduction to the Theory of Computation},
  year = 2013
}